@article{friedman2008sparse,
	title={Sparse inverse covariance estimation with the graphical lasso},
	author={Friedman, Jerome and Hastie, Trevor and Tibshirani, Robert},
	journal={Biostatistics},
	volume={9},
	number={3},
	pages={432--441},
	year={2008},
	publisher={Oxford University Press}
}

@article{egilmez2016graph,
  title={Graph learning from data under structural and Laplacian constraints},
  author={Egilmez, Hilmi E and Pavez, Eduardo and Ortega, Antonio},
  journal={arXiv preprint arXiv:1611.05181},
  year={2016}
}


@article{uhler2017gaussian,
  title={Gaussian graphical models: an algebraic and geometric perspective},
  author={Uhler, Caroline},
  journal={arXiv preprint arXiv:1707.04345},
  year={2017}
}

@article{weinstein2013cancer,
  title={The cancer genome atlas pan-cancer analysis project},
  author={Weinstein, John N and Collisson, Eric A and Mills, Gordon B and Shaw, Kenna R Mills and Ozenberger, Brad A and Ellrott, Kyle and Shmulevich, Ilya and Sander, Chris and Stuart, Joshua M and Cancer Genome Atlas Research Network and others},
  journal={Nature genetics},
  volume={45},
  number={10},
  pages={1113},
  year={2013},
  publisher={Nature Publishing Group}
}

@article{nash1994population,
  title={The population biology of abalone (haliotis species) in Tasmania. I. Blacklip Abalone (h. rubra) from the north coast and islands of Bass Strait},
  author={Nash, Warwick J and Sellers, Tracy L and Talbot, Simon R and Cawthorn, Andrew J and Ford, Wes B},
  journal={Sea Fisheries Division, Technical Report},
  volume={48},
  pages={p411},
  year={1994}
}

@article{nakai1991expert,
  title={Expert system for predicting protein localization sites in gram-negative bacteria},
  author={Nakai, Kenta and Kanehisa, Minoru},
  journal={Proteins: Structure, Function, and Bioinformatics},
  volume={11},
  number={2},
  pages={95--110},
  year={1991},
  publisher={Wiley Online Library}
}

@article{fisher1936use,
  title={The use of multiple measurements in taxonomic problems},
  author={Fisher, Ronald A},
  journal={Annals of eugenics},
  volume={7},
  number={2},
  pages={179--188},
  year={1936},
  publisher={Wiley Online Library}
}

@article{smith1993similarity,
  title={Similarity, plausibility, and judgments of probability},
  author={Smith, Edward E and Shafir, Eldar and Osherson, Daniel},
  journal={Cognition},
  volume={49},
  number={1-2},
  pages={67--96},
  year={1993},
  publisher={Elsevier}
}


@article{lartigue2020gaussian,
  title={Gaussian Graphical Model exploration and selection in high dimension low sample size setting},
  author={Lartigue, Thomas and Bottani, Simona and Baron, Stephanie and Colliot, Olivier and Durrleman, Stanley and Allassonni{\`e}re, St{\'e}phanie},
  journal={IEEE Transactions on Pattern Analysis and Machine Intelligence},
  year={2020},
  publisher={IEEE}
}


@article{chen2008extended,
	title={Extended Bayesian information criteria for model selection with large model spaces},
	author={Chen, Jiahua and Chen, Zehua},
	journal={Biometrika},
	volume={95},
	number={3},
	pages={759--771},
	year={2008},
	publisher={Oxford University Press}
}

@inproceedings{foygel2010extended,
	title={Extended Bayesian information criteria for Gaussian graphical models},
	author={Foygel, Rina and Drton, Mathias},
	booktitle={Advances in neural information processing systems},
	pages={604--612},
	year={2010}
}

@misc{laska_narayan_2017_830033,
	author       = {Jason Laska and
	Manjari Narayan},
	title        = {{skggm 0.2.7: A scikit-learn compatible package for
	Gaussian and related Graphical Models}},
	month        = jul,
	year         = 2017,
	doi          = {10.5281/zenodo.830033},
	url          = {https://doi.org/10.5281/zenodo.830033}
}

@inproceedings{kumar2019structured,
	title={Structured graph learning via laplacian spectral constraints},
	author={Kumar, Sandeep and Ying, Jiaxi and de Miranda Cardoso, Jose Vinicius and Palomar, Daniel},
	booktitle={Advances in Neural Information Processing Systems},
	pages={11651--11663},
	year={2019}
}

@article{kumar2020unified,
	title={A Unified Framework for Structured Graph Learning via Spectral Constraints.},
	author={Kumar, Sandeep and Ying, Jiaxi and de Miranda Cardoso, Jos{\'e} Vin{\'\i}cius and Palomar, Daniel P},
	journal={Journal of Machine Learning Research},
	volume={21},
	number={22},
	pages={1--60},
	year={2020}
}

@article{dong2019learning,
  title={Learning graphs from data: A signal representation perspective},
  author={Dong, Xiaowen and Thanou, Dorina and Rabbat, Michael and Frossard, Pascal},
  journal={IEEE Signal Processing Magazine},
  volume={36},
  number={3},
  pages={44--63},
  year={2019},
  publisher={IEEE}
}
